
% Journals

% First the Full Name is given, then the abbreviation used in the AMS Math
% Reviews, with an indication if it could not be found there.
% Note the 2nd overwrites the 1st, so swap them if you want the full name.

 %{AMS}
 @String{AMSTrans = "American Mathematical Society Translations" }
 @String{AMSTrans = "Amer. Math. Soc. Transl." }
 @String{BullAMS = "Bulletin of the American Mathematical Society" }
 @String{BullAMS = "Bull. Amer. Math. Soc." }
 @String{ProcAMS = "Proceedings of the American Mathematical Society" }
 @String{ProcAMS = "Proc. Amer. Math. Soc." }
 @String{TransAMS = "Transactions of the American Mathematical Society" }
 @String{TransAMS = "Trans. Amer. Math. Soc." }

 %ACM
 @String{CACM = "Communications of the {ACM}" }
 @String{CACM = "Commun. {ACM}" }
 @String{CompServ = "Comput. Surveys" }
 @String{JACM = "J. ACM" }
 @String{ACMMathSoft = "{ACM} Transactions on Mathematical Software" }
 @String{ACMMathSoft = "{ACM} Trans. Math. Software" }
 @String{SIGNUM = "{ACM} {SIGNUM} Newsletter" }
 @String{SIGNUM = "{ACM} {SIGNUM} Newslett." }

 @String{AmerSocio = "American Journal of Sociology" }
 @String{AmerStatAssoc = "Journal of the American Statistical Association" }
 @String{AmerStatAssoc = "J. Amer. Statist. Assoc." }
 @String{ApplMathComp = "Applied Mathematics and Computation" }
 @String{ApplMathComp = "Appl. Math. Comput." }
 @String{AmerMathMonthly = "American Mathematical Monthly" }
 @String{AmerMathMonthly = "Amer. Math. Monthly" }
 @String{BIT = "{BIT}" }
 @String{BritStatPsych = "British Journal of Mathematical and Statistical
          Psychology" }
 @String{BritStatPsych = "Brit. J. Math. Statist. Psych." }
 @String{CanMathBull = "Canadian Mathematical Bulletin" }
 @String{CanMathBull = "Canad. Math. Bull." }
 @String{CompApplMath = "Journal of Computational and Applied Mathematics" }
 @String{CompApplMath = "J. Comput. Appl. Math." }
 @String{CompPhys = "Journal of Computational Physics" }
 @String{CompPhys = "J. Comput. Phys." }
 @String{CompStruct = "Computers and Structures" }
 @String{CompStruct = "Comput. \& Structures" }
 @String{CompJour = "The Computer Journal" }
 @String{CompJour = "Comput. J." }
 @String{CompSysSci = "Journal of Computer and System Sciences" }
 @String{CompSysSci = "J. Comput. System Sci." }
 @String{Computing = "Computing" }
 @String{ContempMath = "Contemporary Mathematics" }
 @String{ContempMath = "Contemp. Math." }
 @String{Crelle = "Crelle's Journal" }
 @String{GiornaleMath = "Giornale di Mathematiche" }
 @String{GiornaleMath = "Giorn. Mat." } % didn't find in AMS MR., ibid.

 %IEEE
 @String{Computer = "{IEEE} Computer" }
 @String{IEEETransComp = "{IEEE} Transactions on Computers" }
 @String{IEEETransComp = "{IEEE} Trans. Comput." }
 @String{IEEETransAC = "{IEEE} Transactions on Automatic Control" }
 @String{IEEETransAC = "{IEEE} Trans. Automat. Control" }
 @String{IEEESpec = "{IEEE} Spectrum" } % didn't find in AMS MR
 @String{ProcIEEE = "Proceedings of the {IEEE}" }
 @String{ProcIEEE = "Proc. {IEEE}" } % didn't find in AMS MR
 @String{IEEETransAeroElec = "{IEEE} Transactions on Aerospace and Electronic
     Systems" }
 @String{IEEETransAeroElec = "{IEEE} Trans. Aerospace Electron. Systems" }

 @String{IMANumerAna = "{IMA} Journal of Numerical Analysis" }
 @String{IMANumerAna = "{IMA} J. Numer. Anal." }
 @String{InfProcLet = "Information Processing Letters" }
 @String{InfProcLet = "Inform. Process. Lett." }
 @String{InstMathApp = "Journal of the Institute of Mathematics and
     its Applications" }
 @String{InstMathApp = "J. Inst. Math. Appl." }
 @String{IntControl = "International Journal of Control" }
 @String{IntControl = "Internat. J. Control" }
 @String{IntNumerEng = "International Journal for Numerical Methods in
     Engineering" }
 @String{IntNumerEng = "Internat. J. Numer. Methods Engrg." }
 @String{IntSuper = "International Journal of Supercomputing Applications" }
 @String{IntSuper = "Internat. J. Supercomputing Applic." } % didn't find
%% in AMS MR
 @String{Kibernetika = "Kibernetika" }
 @String{JResNatBurStand = "Journal of Research of the National Bureau
     of Standards" }
 @String{JResNatBurStand = "J. Res. Nat. Bur. Standards" }
 @String{LinAlgApp = "Linear Algebra and its Applications" }
 @String{LinAlgApp = "Linear Algebra Appl." }
 @String{MathAnaAppl = "Journal of Mathematical Analysis and Applications" }
 @String{MathAnaAppl = "J. Math. Anal. Appl." }
 @String{MathAnnalen = "Mathematische Annalen" }
 @String{MathAnnalen = "Math. Ann." }
 @String{MathPhys = "Journal of Mathematical Physics" }
 @String{MathPhys = "J. Math. Phys." }
 @String{MathComp = "Mathematics of Computation" }
 @String{MathComp = "Math. Comp." }
 @String{MathScand = "Mathematica Scandinavica" }
 @String{MathScand = "Math. Scand." }
 @String{TablesAidsComp = "Mathematical Tables and Other Aids to Computation" }
 @String{TablesAidsComp = "Math. Tables Aids Comput." }
 @String{NumerMath = "Numerische Mathematik" }
 @String{NumerMath = "Numer. Math." }
 @String{PacificMath = "Pacific Journal of Mathematics" }
 @String{PacificMath = "Pacific J. Math." }
 @String{ParDistComp = "Journal of Parallel and Distributed Computing" }
 @String{ParDistComp = "J. Parallel and Distrib. Comput." } % didn't find
%% in AMS MR
 @String{ParComputing = "Parallel Computing" }
 @String{ParComputing = "Parallel Comput." }
 @String{PhilMag = "Philosophical Magazine" }
 @String{PhilMag = "Philos. Mag." }
 @String{ProcNAS = "Proceedings of the National Academy of Sciences
                    of the USA" }
 @String{ProcNAS = "Proc. Nat. Acad. Sci. U. S. A." }
 @String{Psychometrika = "Psychometrika" }
 @String{QuartMath = "Quarterly Journal of Mathematics, Oxford, Series (2)" }
 @String{QuartMath = "Quart. J. Math. Oxford Ser. (2)" }
 @String{QuartApplMath = "Quarterly of Applied Mathematics" }
 @String{QuartApplMath = "Quart. Appl. Math." }
 @String{RevueInstStat = "Review of the International Statisical Institute" }
 @String{RevueInstStat = "Rev. Inst. Internat. Statist." }

 %SIAM
 @String{JSIAM = "Journal of the Society for Industrial and Applied
     Mathematics" }
 @String{JSIAM = "J. Soc. Indust. Appl. Math." }
 @String{JSIAMB = "Journal of the Society for Industrial and Applied
     Mathematics, Series B, Numerical Analysis" }
 @String{JSIAMB = "J. Soc. Indust. Appl. Math. Ser. B Numer. Anal." }
 @String{SIAMAlgMeth = "{SIAM} Journal on Algebraic and Discrete Methods" }
 @String{SIAMAlgMeth = "{SIAM} J. Algebraic Discrete Methods" }
 @String{SIAMAppMath = "{SIAM} Journal on Applied Mathematics" }
 @String{SIAMAppMath = "{SIAM} J. Appl. Math." }
 @String{SIAMComp = "{SIAM} Journal on Computing" }
 @String{SIAMComp = "{SIAM} J. Comput." }
 @String{SIAMMatrix = "{SIAM} Journal on Matrix Analysis and Applications" }
 @String{SIAMMatrix = "{SIAM} J. Matrix Anal. Appl." }
 @String{SIAMNumAnal = "{SIAM} Journal on Numerical Analysis" }
 @String{SIAMNumAnal = "{SIAM} J. Numer. Anal." }
 @String{SIAMReview = "{SIAM} Review" }
 @String{SIAMReview = "{SIAM} Rev." }
 @String{SIAMSciStat = "{SIAM} Journal on Scientific and Statistical
     Computing" }
 @String{SIAMSciStat = "{SIAM} J. Sci. Statist. Comput." }

 @String{SoftPracExp = "Software Practice and Experience" }
 @String{SoftPracExp = "Software Prac. Experience" } % didn't find in AMS MR
 @String{StatScience = "Statistical Science" }
 @String{StatScience = "Statist. Sci." }
 @String{Techno = "Technometrics" }
 @String{USSRCompMathPhys = "{USSR} Computational Mathematics and Mathematical
     Physics" }
 @String{USSRCompMathPhys = "{U. S. S. R.} Comput. Math. and Math. Phys." }
 @String{VLSICompSys = "Journal of {VLSI} and Computer Systems" }
 @String{VLSICompSys = "J. {VLSI} Comput. Syst." }
 @String{ZAngewMathMech = "Zeitschrift fur Angewandte Mathematik und
     Mechanik" }
 @String{ZAngewMathMech = "Z. Angew. Math. Mech." }
 @String{ZAngewMathPhys = "Zeitschrift fur Angewandte Mathematik und Physik" }
 @String{ZAngewMathPhys = "Z. Angew. Math. Phys." }

% Publishers % ================================================= |

 @String{Academic = "Academic Press" }
 @String{ACMPress = "{ACM} Press" }
 @String{AdamHilger = "Adam Hilger" }
 @String{AddisonWesley = "Addison-Wesley" }
 @String{AllynBacon = "Allyn and Bacon" }
 @String{AMS = "American Mathematical Society" }
 @String{Birkhauser = "Birkha{\"u}ser" }
 @String{CambridgePress = "Cambridge University Press" }
 @String{Chelsea = "Chelsea" }
 @String{ClaredonPress = "Claredon Press" }
 @String{DoverPub = "Dover Publications" }
 @String{Eyolles = "Eyolles" }
 @String{HoltRinehartWinston = "Holt, Rinehart and Winston" }
 @String{Interscience = "Interscience" }
 @String{JohnsHopkinsPress = "The Johns Hopkins University Press" }
 @String{JohnWileySons = "John Wiley and Sons" }
 @String{Macmillan = "Macmillan" }
 @String{MathWorks = "The Math Works Inc." }
 @String{McGrawHill = "McGraw-Hill" }
 @String{NatBurStd = "National Bureau of Standards" }
 @String{NorthHolland = "North-Holland" }
 @String{OxfordPress = "Oxford University Press" }  %address Oxford or London?
 @String{PergamonPress = "Pergamon Press" }
 @String{PlenumPress = "Plenum Press" }
 @String{PrenticeHall = "Prentice-Hall" }
 @String{SIAMPub = "{SIAM} Publications" }
 @String{Springer = "Springer-Verlag" }
 @String{TexasPress = "University of Texas Press" }
 @String{VanNostrand = "Van Nostrand" }
 @String{WHFreeman = "W. H. Freeman and Co." }

%Entries
@ARTICLE{Baird2018,
  author={Baird, Chardie L.},
  journal={IEEE Instrumentation   Measurement Magazine}, 
  title={Male-dominated stem disciplines: How do we make them more attractive to women?}, 
  year={2018},
  volume={21},
  number={3},
  pages={4-14},
  doi={10.1109/MIM.2018.8360911}}
  
  
  @Book{Bandura,
        author={Albert Bandura},
        title="{Self-Efficacy: The Exercise of Control}",
        publisher={W. H. Freeman and Company, New York, NY},
        year={1997}
}


@article{Britton2017,
author = {Emily Britton and Natalie Simper and Andrew Leger and Jenn Stephenson},
title = {Assessing teamwork in undergraduate education: a measurement tool to evaluate individual teamwork skills},
journal = {Assessment \& Evaluation in Higher Education},
volume = {42},
number = {3},
pages = {378-397},
year  = {2017},
publisher = {Routledge},
doi = {10.1080/02602938.2015.1116497},

URL = { 
        https://doi.org/10.1080/02602938.2015.1116497
    
}
}

@misc{BuddyCheck, title={Buddy Check}, year={2021}, author={Shareworks}, url={https://www.buddycheck.io/}}

@misc{SparkPlus, title={Introduction to SparkPlus}, year={2021}, author={SparkPlus}, url={https://sparkplus.com.au/}}

@article{Cestone2008,
	author = {Cestone, Christina M. and Levine, Ruth E. and Lane, Derek R.},
	title = {Peer assessment and evaluation in team-based learning},
	journal = {New Directions for Teaching and Learning},
	year = {2008},
	volume = {2008},
	number = {116},
	pages = {69-78},
	doi = {https://doi.org/10.1002/tl.334}
}


@inproceedings{Clark2005,
author = {Clark, Nicole and Davies, Pamela and Skeers, Rebecca},
title = {Self and Peer Assessment in Software Engineering Projects},
year = {2005},
booktitle = {Proc.~7th Australasian Conf. on Computing Education},
pages = {91--100}
}

@inproceedings{Crick2020,
author = {Crick, Tom and Davenport, James H. and Hanna, Paul and Irons, Alastair and Prickett, Tom},
title = {Computer Science Degree Accreditation in the UK: A Post-Shadbolt Review Update},
year = {2020},
publisher = {ACM},
doi = {10.1145/3372356.3372362},
booktitle = {Proc. of CEP'20},
articleno = {6}
}

@misc{WebPA, title={WebPA}, year={2005}, author={Engineering Centre of Excellence in Teaching and Learning}, url={https://webpa.lboro.ac.uk/login.php}}

@INPROCEEDINGS{Fagerholm,
author={Fagerholm, Fabian and Vihavainen, Arto},
booktitle={Proc. of FIE'13},
title={Peer assessment in experiential learning Assessing tacit and explicit skills in agile software engineering capstone projects},
year={2013},
pages={1723--1729},
doi={10.1109/FIE.2013.6685132}
} 

@article{Falchikov1997,
author = { Nancy   Falchikov  and  Douglas   Magin },
title = {Detecting Gender Bias in Peer Marking of Students’ Group Process Work},
journal = {Assessment \& Evaluation in Higher Education},
volume = {22},
number = {4},
pages = {385-396},
year  = {1997},
publisher = {Routledge},
doi = {10.1080/0260293970220403},

URL = { 
        https://doi.org/10.1080/0260293970220403
    
}

}

@article{Gordon2010,
author = {Neil Andrew Gordon},
title = {Group working and peer assessment — using WebPA to encourage student engagement and participation},
journal = {Innovation in Teaching and Learning in Information and Computer Sciences},
volume = {9},
number = {1},
pages = {20-31},
year  = {2010},
publisher = {Routledge},
doi = {10.11120/ital.2010.09010020},

URL = { 
        https://doi.org/10.11120/ital.2010.09010020
    
}

}


@article{HBR206,
author = {David Rock and Heidi Grant},
title = {Why are diverse teams smarter},
journal = {Harvard Business Review},
year ={2016},

URL = { 
        https://hbr.org/2016/11/why-diverse-teams-are-smarter
    
}
}

@inproceedings{Heels2019,
author = {Heels, Laura and Devlin, Marie},
title = {Investigating the Role Choice of Female Students in a Software Engineering Team Project},
year = {2019},
publisher = {ACM},
doi = {10.1145/3294016.3294028},
booktitle = {Proc. of CEP'19},
articleno = {2}
}

  

@misc{HESA, title={What do HE students study?: Personal characteristics}, year={2021}, author={HESA}, url={https://www.hesa.ac.uk/data-and-analysis/students/what-study/characteristics}}

@misc{InVision, title={FreeHand}, year={2021}, author={InVision}, url={https://www.invisionapp.com/freehand}}

@inproceedings{Mitchell2021,
	author = {Mitchell, Alexander and Greer, Terry and New, Warwick and Walton-Rivers, Joseph and Watkins, Matt and Brown, Douglas and Scott, Michael James},
	title = {Student Perspectives on the Purpose of Peer Evaluation During Group Game Development Projects},
	year = {2021},
	publisher = {ACM},
	doi = {10.1145/3481282.3481294},
	articleno = {7}
}


@inproceedings{Mooney2020,
author = {Mooney, Catherine and Becker, Brett A.},
title = {Sense of Belonging: The Intersectionality of Self-Identified Minority Status and Gender in Undergraduate Computer Science Students},
year = {2020},
publisher = {ACM},
doi = {10.1145/3416465.3416476},
booktitle = {Proc. of UKICER'20},
pages = {24–30}
}

@inproceedings{Philips21,
author = {Phillips, Helen and Ivins, Wendy and Prickett, Tom and Walters, Julie and Strachan, Rebecca},
title = {Using Contributing Student Pedagogy to Enhance Support for Teamworking in Computer Science Projects},
year = {2021},
publisher = {ACM},
doi = {10.1145/3437914.3437976},
booktitle = {Proc. of CEP'21},
pages = {29--32}
}


@article{Lejk2001,
	author = { Mark   Lejk  and  Michael   Wyvill },
	title = {Peer Assessment of Contributions to a Group Project: A comparison of holistic and category-based approaches},
	journal = {Assessment \& Evaluation in Higher Education},
	volume = {26},
	number = {1},
	pages = {61-72},
	year  = {2001},
	publisher = {Routledge},
	doi = {10.1080/02602930020022291},
}


@article{Raban_Litchfield_2007, place={Melbourne, Australia}, title={Supporting peer assessment of individual contributions in groupwork}, volume={23}, url={https://ajet.org.au/index.php/AJET/article/view/1272}, DOI={10.14742/ajet.1272}, number={1}, journal={Australasian Journal of Educational Technology}, author={Raban, Richard and Litchfield, Andrew}, year={2007}, month={Mar.} }

@ARTICLE{Sridharam2003,
  author={Sridharan, Baharini and Tai, Joanna and Boud, David},
  journal={Higher Education}, 
  title={Does the use of summative peer assessment in collaborative group work inhibit good judgement?}, 
  year={2019},
  volume={77},
  pages={853--870},
  doi={10.1007/s10734-018-0305-7}}

@inproceedings{Stonewall2018,
author = {Jacklin Stonewall and Michael Dorneich and Cassandra Dorius and Jane Rongerude},
title = {A Review of Bias in Peer Assessment},
year = {2018},
month = {April},
booktitle = {Proc. of CoNECD 2018}

}

@ARTICLE{Thomas2003,
  author={Thomas, Sarah. and Busby, Susan},
  journal={Education + Training}, 
  title={Do industry collaborative projects enhance students’ learning}, 
  year={2003},
  volume={45},
  number={4},
  pages={226--235},
  doi={10.1108/00400910310478157}}
  
  @article{Tucker2014,
author = {Richard Tucker},
title = {Sex does not matter: gender bias and gender differences in peer assessments of contributions to group work},
journal = {Assessment \& Evaluation in Higher Education},
volume = {39},
number = {3},
pages = {293-309},
year  = {2014},
publisher = {Routledge},
doi = {10.1080/02602938.2013.830282},

URL = { 
        https://doi.org/10.1080/02602938.2013.830282
    
}

}

@misc{UN, title={The 17 Goals}, year={2021}, author={United Nations}, URL={https://sdgs.un.org/goals}}

@inproceedings{Veilleux2013,
author = {Veilleux, Nanette and Bates, Rebecca and Allendoerfer, Cheryl and Jones, Diane and Crawford, Joyous and Floyd Smith, Tamara},
title = {The Relationship between Belonging and Ability in Computer Science},
year = {2013},
publisher = {ACM},
doi = {10.1145/2445196.2445220},
booktitle = {Proceeding of SIGCSE'13},
pages = {65--70}
}

@ARTICLE{Yanbin2005,
	author={Tu, Yanbin and Lu, Minn},
	journal={Journal of Information Systems Education}, 
	title={Peer-and-Self Assessment to Reveal the Ranking of Each Individual's Contribution to a Group Project}, 
	year={2005},
	volume={16},
	number={2},
	pages={197--206}
	}

@InProceedings{Winter2021,
author = {Winter, Emily and Thomas, Lisa and Blair, Lynne},
title = {`It's a Bit Weird, but It's OK'? How Female Computer Science Students Navigate Being a Minority},
year = {2021},
publisher = {ACM},
booktitle = {Proc. of ITiCSE'21},
pages = {436--442}
}

@InProceedings{crick-et-al:ukicer2020,
  author =       {Tom Crick and Cathryn Knight and Richard Watermeyer and Janet Goodall},
  title =        {{The Impact of COVID-19 and ``Emergency Remote Teaching'' on the UK Computer Science Education Community}},
  booktitle =    {{Proc. of UKICER'20}},
  year = 	 {2020},
  publisher =    {{ACM}},
  doi =          {https://doi.org/10.1145/3416465.3416472}
}